@article{newman,
  title = "{Community structure in social and biological networks}",
  year = "2002",
  author = "Girvan M. and Newman M. E. J."
}

@article{simrank,
  title = "{SimRank: {A} {M}easure of {S}tructural-{C}ontext {S}imilarity}",
  year = "2002",
  author = "G. Jeh and J. Widom"
}

@article{mining_massive_dataset,
  title = "{{M}ining of {M}assive {D}atasets}",
  year = "2014",
  author = "Jure Leskovec, Anand Rajaraman, Jeff Ullman "
}

@article{clauset,
  title={Finding community structure in very large networks},
  author={Clauset, Aaron and Newman, Mark EJ and Moore, Cristopher},
  journal={Physical review E},
  volume={70},
  number={6},
  pages={066111},
  year={2004},
  publisher={APS}
}