@article{newman,
  title = "{Community structure in social and biological networks}",
  year = "2002",
  author = "Girvan M. and Newman M. E. J."
}

@article{simrank,
  title = "{SimRank: {A} {M}easure of {S}tructural-{C}ontext {S}imilarity}",
  year = "2002",
  author = "G. Jeh and J. Widom"
}

@article{mining_massive_dataset,
  title = "{{M}ining of {M}assive {D}atasets}",
  year = "2014",
  author = "Jure Leskovec, Anand Rajaraman, Jeff Ullman "
}

@article{clauset,
  title={Finding community structure in very large networks},
  author={Clauset, Aaron and Newman, Mark EJ and Moore, Cristopher},
  journal={Physical review E},
  volume={70},
  number={6},
  pages={066111},
  year={2004},
  publisher={APS}
}

@misc{goodreads:aboutus,
  title = "{goodreads - About us}",
  year = "2012",
  howpublished = "\url{https://www.goodreads.com/about/us}",
}

@misc{goodreads:genres,
  title = "{goodreads - Book genres}",
  year = "2012",
  howpublished = "\url{https://www.goodreads.com/genres}",
}

@misc{scipy,
  title = "{Scipy - Python library}",
  howpublished = "\url{http://www.scipy.org}",
}

@article{louvain,
  title={Fast unfolding of communities in large networks},
  author={Blondel, Vincent D and Guillaume, Jean-Loup and Lambiotte, Renaud and Lefebvre, Etienne},
  journal={Journal of Statistical Mechanics: Theory and Experiment},
  volume={2008},
  number={10},
  pages={P10008},
  year={2008},
  publisher={IOP Publishing}
}

@article{survey,
  title={Community detection in large-scale networks: a survey and empirical evaluation},
  author={Harenberg, S., Bello, G., Gjeltema, L., Ranshous, S., Harlalka, J., Seay, R., Padmanabhan, K. and Samatova, N.},
  journal={WIREs Comp Stat},
  volume={6},
  number={10},
  pages={426â€“439},
  year={2014},
  publisher={doi: 10.1002/wics.1319}
}
